@article{Christ2011,
  author = {Christ \etal},
  title = {Probing multimode squeezing with correlation functions},
  journal = {New Journal of Physics},
  volume = {13},
  pages = {033027},
  year = {2011},
  doi = {10.1088/1367-2630/13/3/033027}
},
@article{Avenhaus2008,
  author = {Avenhaus \etal},
  title = {Photon number statistics of multimode parametric down-conversion},
  journal = {Physical Review Letters},
  volume = {101},
  pages = {053601},
  year = {2008},
  doi = {10.1103/PhysRevLett.101.053601}
},
@article{Blauensteiner2009,
  author = {Blauensteiner \etal},
  title = {Photon bunching in parametric down-conversion with continuous-wave excitation},
  journal = {Physical Review A},
  volume = {79},
  pages = {063846},
  year = {2009},
  doi = {10.1103/PhysRevA.79.063846}
},
@article{Guo2017,
  author = {Guo, Xiang and Zou, Chang-Ling and Schuck, Carsten and Jung, Hojoong and Cheng, Risheng and Tang, Hong X.},
  title = {Parametric down-conversion photon-pair source on a nanophotonic chip},
  journal = {Light: Science \& Applications},
  volume = {6},
  pages = {e16249},
  year = {2017},
  doi = {10.1038/lsa.2016.249}
},
@article{Fang2023,
  author = {Ma, Zhaohui and Chen, Jia-Yang and Garikapati, Malvika and Li, Zhan and Tang, Chao and Su, Yong-Meng and Huang, Yu-Ping},
  title = {A highly efficient and pure few-photon source on chip},
  journal = {arXiv preprint arXiv:2309.15233},
  year = {2023}
},
@article{Spring2013,
  author = {Spring \etal},
  title = {Boson sampling on a photonic chip},
  journal = {Science},
  volume = {339},
  pages = {798--801},
  year = {2013},
  doi = {10.1126/science.1231692}
},
@article{Brida2006,
  author = {Brida, Giuliano and Genovese, Massimo and Zappa, Franco},
  title = {Twin-photon techniques for photodetector calibration},
  journal = {Laser Physics Letters},
  volume = {3},
  pages = {115--123},
  year = {2006},
  doi = {10.1002/lapl.200510077}
},
@article{Defienne2024,
  title = {Advances in Quantum Imaging},
  author = {Defienne \etal},
  journal = {arXiv preprint arXiv:2411.08415},
  year = {2024}
},

@article{Moreau2019,
  title = {Imaging with quantum states of light},
  author = {Moreau \etal},
  volume = {1},
  number = {6},
  pages = {367--380},
  year = {2019},
  publisher = {Nature Publishing Group}
}